<?xml version="1.0" encoding="UTF-8"?><collection xmlns="http://www.loc.gov/MARC21/slim"><record><leader>00431nam--2200133-i-4500</leader><controlfield tag="001">000036237</controlfield><controlfield tag="002">20161230</controlfield><controlfield tag="005">20161230201040</controlfield><controlfield tag="008">060222s1000------------r-----000-0-eng-d</controlfield><datafield ind1=" " ind2=" " tag="100"><subfield code="a">O`Neal,Leeland R</subfield></datafield><datafield ind1=" " ind2=" " tag="245"><subfield code="a">Electronic data processing systems. a self instructional programmed manual</subfield></datafield><datafield ind1=" " ind2=" " tag="260"><subfield code="a">Englewood Cliffs,N.J.,Prentice-hall, Inc.,1965. Xi + 408p</subfield></datafield><datafield ind1=" " ind2=" " tag="490"><subfield code="a">Prentice-hall Series In Electronic Technology</subfield></datafield><datafield ind1=" " ind2=" " tag="852"><subfield code="a">22475</subfield></datafield></record></collection>